@inproceedings{ordervio,
 author = {Shi, Yao and Park, Soyeon and Yin, Zuoning and Lu, Shan and Zhou, Yuanyuan and Chen, Wenguang and Zheng, Weimin},
 title = {Do I Use the Wrong Definition?: DeFuse: Definition-use Invariants for Detecting Concurrency and Sequential Bugs},
 booktitle = {Proceedings of the ACM International Conference on Object Oriented Programming Systems Languages and Applications},
 series = {OOPSLA '10},
 year = {2010},
 isbn = {978-1-4503-0203-6},
 location = {Reno/Tahoe, Nevada, USA},
 pages = {160--174},
 numpages = {15},
 url = {http://doi.acm.org/10.1145/1869459.1869474},
 doi = {10.1145/1869459.1869474},
 acmid = {1869474},
 publisher = {ACM},
 address = {New York, NY, USA},
 keywords = {atomicity violation, concurrency bug, order violation, sequential bug},
}

@inproceedings{HuangMR14,
	author    = {Jeff Huang and
	Patrick O'Neil Meredith and
	Grigore Rosu},
	title     = {Maximal sound predictive race detection with control flow abstraction},
	booktitle = {{ACM} {SIGPLAN} Conference on Programming Language Design and Implementation,
	{PLDI} '14, Edinburgh, United Kingdom - June 09 - 11, 2014},
	year      = {2014},
	pages     = {36},
	crossref  = {DBLP:conf/pldi/2014},
	url       = {http://doi.acm.org/10.1145/2594291.2594315},
	doi       = {10.1145/2594291.2594315},
	timestamp = {Fri, 05 Sep 2014 18:15:08 +0200},
	biburl    = {http://dblp.uni-trier.de/rec/bib/conf/pldi/HuangMR14},
	bibsource = {dblp computer science bibliography, http://dblp.org}
}

@inproceedings{learning,
 author = {Lu, Shan and Park, Soyeon and Seo, Eunsoo and Zhou, Yuanyuan},
 title = {Learning from Mistakes: A Comprehensive Study on Real World Concurrency Bug Characteristics},
 booktitle = {Proceedings of the 13th International Conference on Architectural Support for Programming Languages and Operating Systems},
 series = {ASPLOS XIII},
 year = {2008},
 isbn = {978-1-59593-958-6},
 location = {Seattle, WA, USA},
 pages = {329--339},
 numpages = {11},
 url = {http://doi.acm.org/10.1145/1346281.1346323},
 doi = {10.1145/1346281.1346323},
 acmid = {1346323},
 publisher = {ACM},
 address = {New York, NY, USA},
 keywords = {bug characteristics, concurrency bug, concurrent program},
}

@inproceedings{avio,
 author = {Lu, Shan and Tucek, Joseph and Qin, Feng and Zhou, Yuanyuan},
 title = {AVIO: Detecting Atomicity Violations via Access Interleaving Invariants},
 booktitle = {Proceedings of the 12th International Conference on Architectural Support for Programming Languages and Operating Systems},
 series = {ASPLOS XII},
 year = {2006},
 isbn = {1-59593-451-0},
 location = {San Jose, California, USA},
 pages = {37--48},
 numpages = {12},
 url = {http://doi.acm.org/10.1145/1168857.1168864},
 doi = {10.1145/1168857.1168864},
 acmid = {1168864},
 publisher = {ACM},
 address = {New York, NY, USA},
 keywords = {atomicity violation, bug detection, concurrency bug, concurrent program, hardware support, program invariant},
}


@inproceedings{dataflow,
 author = {Chugh, Ravi and Voung, Jan W. and Jhala, Ranjit and Lerner, Sorin},
 title = {Dataflow Analysis for Concurrent Programs Using Datarace Detection},
 booktitle = {Proceedings of the 2008 ACM SIGPLAN Conference on Programming Language Design and Implementation},
 series = {PLDI '08},
 year = {2008},
 isbn = {978-1-59593-860-2},
 location = {Tucson, AZ, USA},
 pages = {316--326},
 numpages = {11},
 url = {http://doi.acm.org/10.1145/1375581.1375620},
 doi = {10.1145/1375581.1375620},
 acmid = {1375620},
 publisher = {ACM},
 address = {New York, NY, USA},
 keywords = {interprocedural analysis, locksets, multithreaded programs, summaries},
}

@inproceedings{replay2012,
 author = {Lee, Dongyoon and Chen, Peter M. and Flinn, Jason and Narayanasamy, Satish},
 title = {Chimera: Hybrid Program Analysis for Determinism},
 booktitle = {Proceedings of the 33rd ACM SIGPLAN Conference on Programming Language Design and Implementation},
 series = {PLDI '12},
 year = {2012},
 isbn = {978-1-4503-1205-9},
 location = {Beijing, China},
 pages = {463--474},
 numpages = {12},
 url = {http://doi.acm.org/10.1145/2254064.2254119},
 doi = {10.1145/2254064.2254119},
 acmid = {2254119},
 publisher = {ACM},
 address = {New York, NY, USA},
 keywords = {profiling, symbolic range analysis},
}

@inproceedings{leap,
 author = {Huang, Jeff and Liu, Peng and Zhang, Charles},
 title = {LEAP: Lightweight Deterministic Multi-processor Replay of Concurrent Java Programs},
 booktitle = {Proceedings of the Eighteenth ACM SIGSOFT International Symposium on Foundations of Software Engineering},
 series = {FSE '10},
 year = {2010},
 isbn = {978-1-60558-791-2},
 location = {Santa Fe, New Mexico, USA},
 pages = {207--216},
 numpages = {10},
 url = {http://doi.acm.org/10.1145/1882291.1882323},
 doi = {10.1145/1882291.1882323},
 acmid = {1882323},
 publisher = {ACM},
 address = {New York, NY, USA},
 keywords = {concurrency bug reproduction, deterministic replay, multi-processor},
} 

@inproceedings{SasturkarAWS05,
	author    = {Amit Sasturkar and
	Rahul Agarwal and
	Liqiang Wang and
	Scott D. Stoller},
	title     = {Automated type-based analysis of data races and atomicity},
	booktitle = {Proceedings of the {ACM} {SIGPLAN} Symposium on Principles and Practice
	of Parallel Programming, {PPOPP} 2005, June 15-17, 2005, Chicago,
	IL, {USA}},
	year      = {2005},
	pages     = {83--94},
	crossref  = {DBLP:conf/ppopp/2005},
	url       = {http://doi.acm.org/10.1145/1065944.1065956},
	doi       = {10.1145/1065944.1065956},
	timestamp = {Fri, 05 Sep 2014 22:43:56 +0200},
	biburl    = {http://dblp.uni-trier.de/rec/bib/conf/ppopp/SasturkarAWS05},
	bibsource = {dblp computer science bibliography, http://dblp.org}
}


@inproceedings{Choi:2002,
	author = {Choi, Jong-Deok and Lee, Keunwoo and Loginov, Alexey and O'Callahan, Robert and Sarkar, Vivek and Sridharan, Manu},
	title = {Efficient and Precise Datarace Detection for Multithreaded Object-oriented Programs},
	booktitle = {Proceedings of the ACM SIGPLAN 2002 Conference on Programming Language Design and Implementation},
	series = {PLDI '02},
	year = {2002},
	isbn = {1-58113-463-0},
	location = {Berlin, Germany},
	pages = {258--269},
	numpages = {12},
	url = {http://doi.acm.org/10.1145/512529.512560},
	doi = {10.1145/512529.512560},
	acmid = {512560},
	publisher = {ACM},
	address = {New York, NY, USA},
	keywords = {dataraces, debugging, multithreaded programming, object-oriented programming, parallel programs, race conditions, static-dynamic co-analysis, synchronization},
} 

@inproceedings{vonPraun:2001,
	author = {von Praun, Christoph and Gross, Thomas R.},
	title = {Object Race Detection},
	booktitle = {Proceedings of the 16th ACM SIGPLAN Conference on Object-oriented Programming, Systems, Languages, and Applications},
	series = {OOPSLA '01},
	year = {2001},
	isbn = {1-58113-335-9},
	location = {Tampa Bay, FL, USA},
	pages = {70--82},
	numpages = {13},
	url = {http://doi.acm.org/10.1145/504282.504288},
	doi = {10.1145/504282.504288},
	acmid = {504288},
	publisher = {ACM},
	address = {New York, NY, USA},
} 

@inproceedings{Mellor-Crummey:1991,
	author = {Mellor-Crummey, John},
	title = {On-the-fly Detection of Data Races for Programs with Nested Fork-join Parallelism},
	booktitle = {Proceedings of the 1991 ACM/IEEE Conference on Supercomputing},
	series = {Supercomputing '91},
	year = {1991},
	isbn = {0-89791-459-7},
	location = {Albuquerque, New Mexico, USA},
	pages = {24--33},
	numpages = {10},
	url = {http://doi.acm.org/10.1145/125826.125861},
	doi = {10.1145/125826.125861},
	acmid = {125861},
	publisher = {ACM},
	address = {New York, NY, USA},
}

@inproceedings{Dinning:1990,
	author = {Dinning, A. and Schonberg, E.},
	title = {An Empirical Comparison of Monitoring Algorithms for Access Anomaly Detection},
	booktitle = {Proceedings of the Second ACM SIGPLAN Symposium on Principles \&Amp; Practice of Parallel Programming},
	series = {PPOPP '90},
	year = {1990},
	isbn = {0-89791-350-7},
	location = {Seattle, Washington, USA},
	pages = {1--10},
	numpages = {10},
	url = {http://doi.acm.org/10.1145/99163.99165},
	doi = {10.1145/99163.99165},
	acmid = {99165},
	publisher = {ACM},
	address = {New York, NY, USA},
} 


@inproceedings{Christiaens,
	author = {Christiaens, Mark and De Bosschere, Koen},
	title = {TRaDe, a Topological Approach to On-the-fly Race Detection in Java Programs},
	booktitle = {Proceedings of the 2001 Symposium on JavaTM Virtual Machine Research and Technology Symposium - Volume 1},
	series = {JVM'01},
	year = {2001},
	location = {Monterey, California},
	pages = {15--15},
	numpages = {1},
	url = {http://dl.acm.org/citation.cfm?id=1267847.1267862},
	acmid = {1267862},
	publisher = {USENIX Association},
	address = {Berkeley, CA, USA},
} 

@inproceedings{Naik:2006,
	author = {Naik, Mayur and Aiken, Alex and Whaley, John},
	title = {Effective Static Race Detection for Java},
	booktitle = {Proceedings of the 2006 ACM SIGPLAN Conference on Programming Language Design and Implementation},
	series = {PLDI '06},
	year = {2006},
	isbn = {1-59593-320-4},
	location = {Ottawa, Ontario, Canada},
	pages = {308--319},
	numpages = {12},
	url = {http://doi.acm.org/10.1145/1133981.1134018},
	doi = {10.1145/1133981.1134018},
	acmid = {1134018},
	publisher = {ACM},
	address = {New York, NY, USA},
	keywords = {Java, concurrency, multi-threading, static race detection, synchronization},
} 


@inproceedings{Farzan:2012,
	author = {Farzan, Azadeh and Madhusudan, P. and Razavi, Niloofar and Sorrentino, Francesco},
	title = {Predicting Null-pointer Dereferences in Concurrent Programs},
	booktitle = {Proceedings of the ACM SIGSOFT 20th International Symposium on the Foundations of Software Engineering},
	series = {FSE '12},
	year = {2012},
	isbn = {978-1-4503-1614-9},
	location = {Cary, North Carolina},
	pages = {47:1--47:11},
	articleno = {47},
	numpages = {11},
	url = {http://doi.acm.org/10.1145/2393596.2393651},
	doi = {10.1145/2393596.2393651},
	acmid = {2393651},
	publisher = {ACM},
	address = {New York, NY, USA},
	keywords = {SMT, concurrency, data-races, null-pointers, testing},
} 

@inproceedings{Said:2011,
	author = {Said, Mahmoud and Wang, Chao and Yang, Zijiang and Sakallah, Karem},
	title = {Generating Data Race Witnesses by an SMT-based Analysis},
	booktitle = {Proceedings of the Third International Conference on NASA Formal Methods},
	series = {NFM'11},
	year = {2011},
	isbn = {978-3-642-20397-8},
	location = {Pasadena, CA},
	pages = {313--327},
	numpages = {15},
	url = {http://dl.acm.org/citation.cfm?id=1986308.1986334},
	acmid = {1986334},
	publisher = {Springer-Verlag},
	address = {Berlin, Heidelberg},
	keywords = {SMT, concurrent programs, data race, debug},
} 


@inproceedings{SerbanutaCR12,
	author    = {{Traian-Florin} Serbanuta and
	Feng Chen and
	Grigore Rosu},
	title     = {Maximal Causal Models for Sequentially Consistent Systems},
	booktitle = {Runtime Verification, Third International Conference, {RV} 2012, Istanbul,
	Turkey, September 25-28, 2012, Revised Selected Papers},
	year      = {2012},
	pages     = {136--150},
	crossref  = {DBLP:conf/rv/2012},
	url       = {http://dx.doi.org/10.1007/978-3-642-35632-2_16},
	doi       = {10.1007/978-3-642-35632-2_16},
	timestamp = {Fri, 05 Sep 2014 18:12:44 +0200},
	biburl    = {http://dblp.uni-trier.de/rec/bib/conf/rv/SerbanutaCR12},
	bibsource = {dblp computer science bibliography, http://dblp.org}
}

@inproceedings{eraser,
 author = {Savage, Stefan and Burrows, Michael and Nelson, Greg and Sobalvarro, Patrick and Anderson, Thomas},
 title = {Eraser: A Dynamic Data Race Detector for Multi-threaded Programs},
 booktitle = {Proceedings of the Sixteenth ACM Symposium on Operating Systems Principles},
 series = {SOSP '97},
 year = {1997},
 isbn = {0-89791-916-5},
 location = {Saint Malo, France},
 pages = {27--37},
 numpages = {11},
 url = {http://doi.acm.org/10.1145/268998.266641},
 doi = {10.1145/268998.266641},
 acmid = {266641},
 publisher = {ACM},
 address = {New York, NY, USA},
} 

 @article{lamport,
  author = {Lamport, Leslie},
  title = {Time, clocks, and the ordering of events in a distributed system},
  journal = {CACM '1987}
  year = {1987}
 } 
 
 
 @inproceedings{hybrid,
 author = {O'Callahan, Robert and Choi, Jong-Deok},
 title = {Hybrid Dynamic Data Race Detection},
 booktitle = {Proceedings of the Ninth ACM SIGPLAN Symposium on Principles and Practice of Parallel Programming},
 series = {PPoPP '03},
 year = {2003},
 isbn = {1-58113-588-2},
 location = {San Diego, California, USA},
 pages = {167--178},
 numpages = {12},
 url = {http://doi.acm.org/10.1145/781498.781528},
 doi = {10.1145/781498.781528},
 acmid = {781528},
 publisher = {ACM},
 address = {New York, NY, USA},
 keywords = {Java, dynamic race detection, happens-before, lockset hybrid},
} 


@inproceedings{ucg,
 author = {Kahlon, Vineet and Wang, Chao},
 title = {Universal Causality Graphs: A Precise Happens-before Model for Detecting Bugs in Concurrent Programs},
 booktitle = {Proceedings of the 22Nd International Conference on Computer Aided Verification},
 series = {CAV'10},
 year = {2010},
 isbn = {3-642-14294-X, 978-3-642-14294-9},
 location = {Edinburgh, UK},
 pages = {434--449},
 numpages = {16},
 url = {http://dx.doi.org/10.1007/978-3-642-14295-6_39},
 doi = {10.1007/978-3-642-14295-6_39},
 acmid = {2144360},
 publisher = {Springer-Verlag},
 address = {Berlin, Heidelberg},
} 

@inproceedings{pldi14,
 author = {Huang, Jeff and Meredith, Patrick O'Neil and Rosu, Grigore},
 title = {Maximal Sound Predictive Race Detection with Control Flow Abstraction},
 booktitle = {PLDI},
 year = {2014}
} 


@inproceedings{maximal,
  title={Maximal Causal Models for Sequentially Consistent Systems},
  author={Traian Florin Serbanuta and Feng Chen and Grigore Rosu},
  booktitle={RV},
  year={2012}
}


@inproceedings{yannis,
 author = {Smaragdakis, Yannis and Evans, Jacob and Sadowski, Caitlin and Yi, Jaeheon and Flanagan, Cormac},
 title = {Sound Predictive Race Detection in Polynomial Time},
 booktitle = {POPL},
 year = {2012}
} 



@article{scmodel,
 author = {Lamport, L.},
 title = {How to Make a Multiprocessor Computer That Correctly Executes Multiprocess Programs},
 journal = {IEEE Trans. Comput.},
 year = {1979}
} 

